<?xml version="1.0" encoding="UTF-8"?><record xmlns="http://www.loc.gov/MARC21/slim" xmlns:cinclude="http://apache.org/cocoon/include/1.0" xmlns:zs="http://www.loc.gov/zing/srw/">
  <leader>00718cz  a2200145n  4500</leader>
  <controlfield tag="001">n  91017720 </controlfield>
  <controlfield tag="003">DLC</controlfield>
  <controlfield tag="005">19910305080115.5</controlfield>
  <controlfield tag="008">910220n| acannaab|          |a ana |||  </controlfield>
  <datafield tag="010" ind1=" " ind2=" ">
    <subfield code="a">n  91017720 </subfield>
  </datafield>
  <datafield tag="040" ind1=" " ind2=" ">
    <subfield code="a">DLC</subfield>
    <subfield code="c">DLC</subfield>
    <subfield code="d">DLC</subfield>
  </datafield>
  <datafield tag="110" ind1="2" ind2="0">
    <subfield code="a">Fundação Cultural do Pará "Tancredo Neves"</subfield>
  </datafield>
  <datafield tag="410" ind1="1" ind2="0">
    <subfield code="a">Pará (Brazil : State).</subfield>
    <subfield code="b">Secretaria de Estado da Cultura.</subfield>
    <subfield code="b">Fundação Cultural do Pará "Tancredo Neves"</subfield>
  </datafield>
  <datafield tag="410" ind1="1" ind2="0">
    <subfield code="a">Pará (Brazil : State).</subfield>
    <subfield code="b">Fundação Cultural do Pará "Tancredo Neves"</subfield>
  </datafield>
  <datafield tag="670" ind1=" " ind2=" ">
    <subfield code="a">Biblioteca Pública "Arthur Vianna" (Pará, Brazil). Catálogo de obras raras da ... 1989:</subfield>
    <subfield code="b">t.p. (Governo do Estado do Pará, Secretaria de Estado da Cultura, Fundação Cultural do Pará "Tancredo Neves")</subfield>
  </datafield>
</record>